% elementos-pos-textuais/referencias.bib

@misc{alves_apac,
  author       = {ALVES, A.},
  title        = {APAC - Agência Pernambucana de Águas e Climas - Início},
  howpublished = {\url{https://www.apac.pe.gov.br/}},
  note         = {Acesso em: 29 set. 2025}
}

@misc{carvalho2025sistema,
  author       = {CARVALHO DE BARROS, B. and PEREIRA DA SILVA, H.},
  title        = {Sistema de informações geográficas e sensoriamento remoto visando modelagem de inundações e alagamentos em Recife, Pernambuco},
  howpublished = {\url{https://repositorio.ifpe.edu.br/xmlui/bitstream/handle/123456789/1696/Sistema%20de%20informa%c3%a7%c3%b5es%20geogr%c3%a1ficas%20e%20sensoriamento%20remoto%20visando%20modelagem%20de%20inunda%c3%a7%c3%b5es%20e%20alagamentos%20em%20Recife%2c%20Pernambuco.pdf?sequence=1&isAllowed=y}},
  year         = {2025},
  note         = {Acesso em: 29 set. 2025}
}

@article{domingos2025mapeamento,
  author  = {DOMINGOS, L. and others},
  title   = {Mapeamento de áreas suscetíveis a inundações na cidade do Recife-PE/Brasil},
  journal = {Espaço em Revista},
  volume  = {27},
  number  = {1},
  pages   = {21--44},
  year    = {2025},
  month   = jul,
  day     = {8}
}

@article{wilson2016analise,
  author  = {WILSON, D. and others},
  title   = {Análise da relação entre a intensidade da chuva e ocorrências de alagamentos nos meses de abril e maio de 2016 na cidade do Recife, Pernambuco},
  journal = {Paisagens \& Geografias},
  volume  = {3},
  number  = {Esp 2},
  year    = {2016}
}
